@Misc{soa:gartner,
  title = {{Service Oriented Architectures part 1}},
  note = {http://www.gartner.com/DisplayDocument?doc\_cd=29201},
  author = {Praca zbiorowa}
}
@Booklet{soa:ibm_brochure,
  title = {{IBM Websphere, oprogramowanie dla Service Oriented Architecture, broszura}},
  organization = {{IBM} {P}olska sp. z o.o.},
  note = {ftp://lead.download.idg.pl/lead/IBM/IBM\_SOA\_INT2007.pdf},
  year = 2008
}
@Misc{soa:piec_zagrozen,
  title = {{5 najwiêkszych zagro¿eñ SOA}},
  note = {http://searchsoa.techtarget.com/ tip/0,289483,sid26\_gci1195738,00.html},
  author = {Thomas Erl},
  year = 2006
}
@Misc{soa:ibm_soma,
  title = {{Projektowanie Modeli Us³ug dla rozwi±zañ typu SOA}},
  author = {IBM Polska sp. z o.o.},
  note = {http://www-05.ibm.com/pl/gbs/pdf/IBM\_GBS\_SOMA\_offering.pdf}
}
@Misc{soa:soa_adoption_eweek,
  title = {{Enterprise SOA Adoption to Double in Next Two Years}},
  author = {Darryl K. Taft},
  note = {http://www.eweek.com/c/a/Application-Development/ Enterprise-SOA-Adoption- to-Double-in-Next-Two-Years/}
}
@Misc{soa:newton,
  note = {``My thought was, this change has to be compared to the switch from Newtonian physics to relativistic physics.'' - http://weblogs.asp.net/ralfw/archive/2005/07/03/417507.aspx},
  author = {Ralf Suderb\"{u}cher}
}
@Misc{soa:open_group_def,
  title = {{Service Oriented Architecture definition}},
  author = {Open Group},
  note = {http://opengroup.org/projects/soa/doc.tpl?gdid=10632}
}
@Misc{soa:kontrakt,
  title = {{SOA Wikipedia}},
  note = {http://en.wikipedia.org/wiki/Service-oriented\_architecture \#Service\_contract},
  author = {Praca zbiorowa}
}
@Misc{misc:w3c,
  title = {{W3C}},
  note = {http://www.w3.org},
  author = {W3C Organization}
}
@Misc{ws:w3c_def,
  title = {{W3C Webservice}},
  note = {http://www.w3.org/TR/ws-arch/\#whatis},
  author = {W3C Organization}
}
@Misc{ws:w3c_soap,
  title = {{W3C SOAP}},
  note = {http://www.w3.org/TR/2003/REC-soap12-part1-20030624},
  author={W3C Organization}
  
}
@Misc{ws:w3c_soap_rpc,
  title = {{W3C SOAP RPC}},
  note = {http://www.w3.org/TR/2003/REC-soap12-part2-20030624/\#soapforrpc},
  author={W3C Organization}
  
}
@Misc{ws:uddi,
  title = {{UDDI}},
  note = {http://uddi.xml.org},
  author = {Praca zbiorowa}
}
@Misc{ws:oasis,
  title = {Strona domowa organizacji {OASIS}},
  note = {http://www.oasis-open.org/home/index.php},
  author = {Organization for the Advancement of Structured Information Standards}
}

@Misc{ws:suntechdays,
  title = {{SUN TECH DAYS, A Developer Conference 2001-2002}},
  author = {Sang Shin},
  note = {http://www.sun.com/developers/EvangCentral}
}

@Misc{ws:uddi:public,
  title = {{UDDI Business Registry Shutdown FAQ}},
  note = {http://uddi.microsoft.com/about/FAQshutdown.htm},
  author = {Microsoft}
}

@Misc{ws:wsdl:spec,
  title = {{WSDL 2.0 Specification}},
  note = {http://www.w3.org/TR/wsdl20/},
  author = {W3C Organization}
}

@Book{esb:book:chapell,
  title = {{Enterprise Service Bus}},
  author = {Dave Chapell},
  publisher = {O'Reilly},
  year = 2004
}

@Misc{esb:mom:msqm,
  title = {{MSMQ}},
  note = {http://www.microsoft.com/windowsserver2003 /technologies/msmq/default.mspx},
  author={Microsoft}
  
}

@Misc{esb:mom:jms,
  title = {{JMS API}},
  note = {http://java.sun.com/jms},
  author = {Sun Microsystems}
}

@Misc{esb:mom:corba,
  title = {{CORBA Notification Service}},
  note = {http://www.omg.org/technology/documents/ corbaservices\_spec\_catalog.htm},
  author={Object Management Group}
}

@Misc{esb:mom:wsevents,
  title = {{WS-Events}},
  note = {http://xml.coverpages.org/WS-Events20030721.pdf},
  author = {Praca zbiorowa}
}

@Misc{esb:mom:wsnotifications,
  title = {{WS-Notifications}},
  note = {http://www.informit.com/guides/content.aspx?g=xml\&seqNum=285},
  author = {Praca zbiorowa}
}

@Misc{esb:mom:icestorm,
  title = {{ICEStorm}},
  note = {http://www.zeroc.com/doc/Ice-3.2b/manual/IceStorm.html},
  author = {Praca zbiorowa}
}

@Misc{esb:jbi:jsr,
  title = {{JSR-208} - Java Business Integration},
  note = {http://www.jcp.org/en/jsr/detail?id=208},
  author = {Praca zbiorowa}
}

@Misc{esb:impl:servicemix,
  title = {{Strona domowa ServiceMix}},
  note = {http://servicemix.apache.org/},
  author = {Praca zbiorowa}
}

@Misc{esb:impl:openesb,
  title = {{Strona domowa OpenESB}},
  note = {https://open-esb.dev.java.net/},
  author = {Praca zbiorowa}
}

@Misc{esb:impl:glassfish,
  title = {{Strona domowa GlassFish}},
  note = {https://glassfish.dev.java.net/},
  author = {Praca zbiorowa}
}

@Misc{esb:impl:petals,
  title = {{Strona domowa ObjectWeb PEtALS}},
  note = {http://petals.objectweb.org/},
  author = {Praca zbiorowa}
}

@Misc{esb:impl:jbossesb,
  title = {{Strona domowa JBoss ESB}},
  note = {http://www.jboss.org/jbossesb/},
  author = {Praca zbiorowa}
}

@Misc{esb:impl:websphere,
  title = {{Strona domowa IBM Websphere}},
  note = {http://www.ibm.com/software/integration/wsesb/},
  author = {IBM}
}

@Misc{esb:impl:sonic,
  title = {{Strona domowa SONIC ESB}},
  note = {http://www.sonicsoftware.com/products/sonic\_esb},
  author = {Praca zbiorowa}
}

@Misc{esb:impl:aqualogic,
  title = {{Strona domowa BEA Aqualogic ESB}},
  note = {http://www.bea.com/framework.jsp?CNT=index.htm\&FP=/content\\/products /aqualogic/service\_bus/},
  author = {BEA}
}

@Misc{esb:impl:mule,
  title = {{Strona domowa MULE ESB}},
  note = {http://mule.mulesource.org/},
  author = {Praca zbiorowa}
}

@Misc{esb:jbi:developing_jbi,
  title = {{Developing JBI Components}},
  note = {https://open-esb.dev.java.net/public/jbi-comp-examples/ Developing\_JBI\_Components.html},
  author = {Praca zbiorowa}
}

@Booklet{esb:jbi:jbi_components_theory,
  title = {{JBI Components (Theory)}},
  author = {Ron Ten-Hove},
  note = {{https://open-esb.dev.java.net/public/pdf/JBI-Components-Theory.pdf}},
  organization = {{Sun Microsystems}}
}

@Book{esb:sojbi,
  title = {{Service Oriented Java Business Integration}},
  author = {Binildas C. A},
  publisher = {Packt Publishing},
  year = 2008
  }

@Misc{bpel:spec,
  title = {{BPEL OASIS Specification}},
  note = {http://docs.oasis-open.org/wsbpel/2.0/wsbpel-v2.0.pdf},
  author = {Organization for the Advancement of Structured Information Standards}  
}

@Book{bpel:book:wsbpel,
  author = {{Yuli Vasiliev}},
  title = {{SOA and WS-BPEL}},
  publisher = {Packt Publishing},
  year = 2007
}

@Book{bpel:book:bpel4ws,
  author = {Matjaz B. Juric},
  title = {{Business Process Execution Language for Web Services, Second Edition}},
  publisher = {Packt Publishing},
  year = 2006
}

@Misc{bpel:impl:ode,
  title = {{Apache ODE}},
  note = {http://ode.apache.org},
  author = {Praca zbiorowa}
}

@Misc{bpel:impl:openstorm,
  title = {{OpenStorm Service Orchestrator}},
  note = {http://www.openstorm.com},
  author = {Praca zbiorowa}
}

@Misc{bpel:impl:activebpel,
  title = {{ActiveBPEL Engine}},
  note = {http://www.activebpel.com},
  author = {Praca zbiorowa}
}

@Misc{bpel:impl:biztalk,
  title = {{Microsoft BizTalk}},
  note = {http://www.microsoft.com/biztalk},
  author = {Praca zbiorowa}
}

@Misc{bpel:impl:oracle,
  title = {{Oracle BPEL Process Manager}},
  note = {http://www.oracle.com/technology/products/ias/bpel/index.html},
  author = {Praca zbiorowa}
}

@Misc{bpel:tool:oracle,
  title = {{Oracle BPEL Designer for Eclipse}},
  note = {http://www.oracle.com/technology/products/as/bpel/index.html},
  author = {Praca zbiorowa}
}

@Misc{bpel:tool:websphere,
  title = {{IBM Websphere Studio Application Developer Integration Edition}},
  note = {http://www.ibm.com/software/integration/wsadie},
  author = {Praca zbiorowa}
}

@Misc{bpel:tool:netbeans,
  title = {{Netbeans' BPEL Designer}},
  note = {{http://soa.netbeans.org}},
  author = {Praca zbiorowa}
}

@Misc{bpel:bpeljava,
  title = {{BPEL and Java}},
  note = {http://www.theserverside.com/tt/articles/content\\/BPELJava/article.html},
  author = {Matjaz B. Juric}
}

@Misc{bpel:wikipedia,
  title = {{Business Process Execution Language}},
  note = {http://en.wikipedia.org/BPEL},
  author = {Praca zbiorowa}
}

@Misc{bpel:spec1.1,
  title = {{BPEL4WS 1.1 Specification}},
  note = {http://www-128.ibm.com/developerworks/library/specification/ws-bpel/},
  author = {Praca zbiorowa}
}

@Misc{bpel:spec2,
  title = {{WS-BPEL 2.0 Specification}},
  note = {http://docs.oasis-open.org/wsbpel/2.0/wsbpel-v2.0.pdf},
  author = {Praca zbiorowa}
}

@Misc{web:microsoft,
  title = {{Strona domowa firmy Microsoft}},
  note = {http://www.microsoft.com},
  author=  {Microsoft}
}

@Misc{web:sap,
  title = {{Strona domowa SAP}},
  note = {http://www.sap.com},
  author = {SAP}
}

@Misc{bpel:acid,
  title = {{ACID w Polskiej Wikipedii}},
  note = {http://pl.wikipedia.org/ACID},
  author = {Praca zbiorowa}
}

@Misc{esb:bpm,
  title = {{BPM Specification}},
  note = {http://www.bpmn.org/Documents/OMG%20Final%20Adopted%20BPMN%201-0%20Spec%2006-02-01.pdf},
  author = {Praca zbiorowa OMG}
}

@Misc{diagram:gantt,
  title = {{Diagram Gantt'a w Polskiej Wikipedii}},
  note = {http://pl.wikipedia.org/wiki/Diagram\_Gantta},
  author = {Praca zbiorowa}
}

@Book{concept:gang_of_four,
  title = {{Design Patterns: Elements of Reusable Object-Oriented Software}},
  author = {Gamma Helm Johnson Vlissides},
  publisher = {Pearson},
  year = {1994}
}

@Misc{concept:bpel_events_listener,
  title = {{BPELSE Event Dispatching and Listener Framework}},
  note = {http://wiki.open-esb.java.net/Wiki.jsp?page=BPELSEEventListener},
  author = {Praca zbiorowa}
}

@Misc{impl:aspectj,
  title = {{Strona domowa AspectJ}},
  note = {http://www.eclipse.org/aspectj/},
  author = {Praca zbiorowa}
}

@Misc{impl:aspectwerkz,
  title = {{Strona domowa AspectWerkz}},
  note = {http://aspectwerkz.codehaus.org/},
  author = {Praca zbiorowa}
}

@Misc{impl:cglib,
  title = {{Strona domowa Code Generation Library}},
  note = {http://cglib.sourceforge.net},
  author = {Praca zbiorowa}
}

@Misc{impl:aspectwerkz_weaving,
  title= {{Tryby instrumentacji w AspectWerkz}},
  note = {http://aspectwerkz.codehaus.org/weaving.html},
  author = {Praca zbiorowa}
}

@Misc{impl:boostrap_classes,
  title = {{Lokalizacja klas systemowych maszyny wirtualnej Java}},
  author = {SUN Microsystems},
  note = {http://java.sun.com/j2se/1.4.2/docs/tooldocs\\/findingclasses.html\#bootclass}
}

@Misc{impl:apache_commons,
  title = {{Biblioteka Apache Commons}},
  note = {http://commons.apache.org/},
  author = {Praca zbiorowa}
}

@Misc{impl:jvm_spec,
  title = {{Specyfikacja maszyny wirtualnej Java}},
  author = {Tim Lindholm, Frank Yellin},
  note = {http://java.sun.com/docs/books/jvms/second\_edition\\/html/VMSpecTOC.doc.html}
}

@Misc{impl:xpath,
  title = {{Specyfikacja XPATH}},
  author = {W3C},
  note = {http://www.w3.org/TR/xpath},
}

@Misc{impl:aop,
  title = {{Programowanie aspektowe}},
  author = {Wikipedia},
  note = {http://en.wikipedia.org/wiki/Aspect-oriented\_programming},
}

@Misc{impl:jndi_spi,
  title = {{Service Provider Interface w JNDI}},
  author = {Sun Microsystems\texttrademark},
  note = {http://java.sun.com/products/jndi/serviceproviders.html}
}

@Misc{impl:sandbox,
  title = {{Koncepcja sandbox}},
  author = {Wikipedia},
  note = {http://en.wikipedia.org/wiki/Sandbox\_(computer\_security)}
}

@Misc{tests:blueprints,
  title = {{Sun's BPEL Blueprints}},
  author = {Sun Microsystems\texttrademark},
  note = {https://blueprints.dev.java.net/bpcatalog/ee5/soa/}
}

@Misc{concl:glassfishv3,
  title = {{Za³o¿enia projektu GlassFish w wersji 3.0}},
  author = {Praca zbiorowa},
  note = {http://wiki.glassfish.java.net/Wiki.jsp?page=PlanForGlassFishV3}
}

@Misc{concl:osgi,
  title = {{Strona domowa OSGi}},
  author = {OSGi Alliance},
  note = {http://www.osgi.org/Main/HomePage}
}
