@book{kelp,
title = "The KeLP Programming System",
publisher = "World Wide Web",
address = "http://www-cse.ucsd.edu/groups/hpcl/scg/kelp.html",
year = "2001",
note = "Kernel Lattice Parallelism"
}

@book{kelpio,
title = "The KeLPIO extension homepage",
publisher = "World Wide Web",
address = "http://www.cs.rice.edu/\~{}dsystem/kelpio/",
year = "2001",
note = "Kernel Lattice Parallelism IO subsytem"
}

@book{2ndclarkelaw,
author = "Susan Stepney",
title = "Collection of quotations",
publisher = "World Wide Web",
address = "http://www\-users.cs.york.ac.uk/\~{}susan/cyc/index.htm",
year = "2004",
note = "New phisics laws"
}

@book{panda,
title = "Panda library homepage",
publisher = "World Wide Web",
address = "http://drl.cs.uiuc.edu/panda/",
year = "2004",
}
@book{grandc,
title = "Grand Challenge Applications",
publisher = "World Wide Web",
address = "http://www.mat.univie.ac.at/\~{}neum/contrib/grand\_challenges.html",
year = "2002",
note = "Official List of Grand Challange Applications"
}

@book{kzajac1,
author = "Katarzyna Zajac",
title = "On-line OOC tutorial",
publisher = "World Wide Web",
address = "http://galaxy.uci.agh.edu.pl/\~{}kzajac/ooc\_tut/",
year = "2004",
note = "Part of lip documentation"
}

@book{kzajac,
author = "Katarzyna Zajac",
title = "lip library homepage",
publisher = "World Wide Web",
address = "http://galaxy.uci.agh.edu.pl/\~{}kzajac/",
year = "2002",
note = "lip documentation"
}

@book{pvfs,
title = "PVFS Homepage",
publisher = "World Wide Web",
address = "http://www.parl.clemson.edu/pvfs/",
year = "2004",
}

@book{mpi,
title = "Message Passing Interface Forum",
publisher = "World Wide Web",
address = "http://www.mpi-forum.org/",
year = "2004",
}


@article{ooc-scalapack,
    author = "Eduardo D'Azevedo and Jack Dongarra",
    title = "{The Design and Implementation of the Parallel Out-of-core ScaLAPACK LU, QR and Cholesky Factorization Routines}",
}

@article{ndim-fields,
    author = "Lawrence Ibarria and Peter Lindstrom and Jarek Rossignac and Andrzej Szymczak",
    title = "Out-of-core compression and decompression of large n-dimensional scalar fields",
}

@article{matinv,
    author = "Eddy Caron and Gil Utard",
    title = "{Parallel Out-of-Core Matrix Inversion}",
    year = "2002",
}

@article{mesh,
    author = "Martin Isenburg and Peter Lindstrom and Stefan Gumhold and Jack Snoeyink",
    title = "Large mesh simplification using Processing Sequences",
    year = "2003",
}

@book{img,
author = "Muller",
title = "Grid Generation and Manipulation Tools",
address = "www.cerfacs.fr/\~{}muller/delaundo.html",
note = "Title image",
}
